<?xml version="1.0" encoding="UTF-8"?><collection xmlns="http://www.loc.gov/MARC21/slim"><record><leader>00540nam--2200169-u-4500</leader><controlfield tag="001">000055458</controlfield><controlfield tag="002">20161230</controlfield><controlfield tag="005">20161230201052</controlfield><controlfield tag="008">130212s1000------------r-----000-0-eng-d</controlfield><datafield ind1=" " ind2=" " tag="040"><subfield code="a">IFIN-HH</subfield></datafield><datafield ind1=" " ind2=" " tag="080"><subfield code="a">62(038)=03.20=82.801.323.2=20=82</subfield></datafield><datafield ind1="1" ind2=" " tag="100"><subfield code="a">Hopkins, Jeanne</subfield></datafield><datafield ind1="1" ind2="0" tag="245"><subfield code="a">Glossary of astronomy and astrophysics tolkovii slovari angliiskih terminov po astronomii i astrofizike</subfield><subfield code="b">Foreword by s. chandrasekhar</subfield><subfield code="c">Jeanne hopkins</subfield></datafield><datafield ind1=" " ind2=" " tag="260"><subfield code="a">Moskva</subfield><subfield code="b">Mir</subfield><subfield code="c">1980</subfield></datafield><datafield ind1=" " ind2=" " tag="300"><subfield code="a">300P</subfield></datafield><datafield ind1=" " ind2=" " tag="852"><subfield code="a">D.555</subfield><subfield code="c">SLG</subfield></datafield><datafield ind1=" " ind2=" " tag="CAT"><subfield code="a">Sys</subfield><subfield code="c">20130212</subfield><subfield code="h">110032</subfield></datafield></record></collection>